@book{Hundsdorfer03,
    author    = {Willem Hundsdorfer and Jan Verwer}, 
    title     = {Numerical Solution of Time-Dependent Advection-Diffusion-Reaction Equations, Springer Series in Computational Mathematics},
    publisher = {Springer, Berlin},
    year      = 2003,
    volume    = 33,
}

@book{Langtangen16,
    title={Finite Difference Computing with PDEs: A Modern Software Approach},
    author={Langtangen, H.P. and Linge, S.},
    series={Texts in Computational Science and Engineering},
    year={2016},
    publisher={Springer International Publishing}
}

@misc{Socolofsky05,
    author       = {Scott A. Socolofsky and Gerhard H. Jirka}, 
    title        = {Special Topics in
    Mixing  and  Transport  Processes  in  the
    Environment, Lecture notes},
    institution  = {Coastal and Ocean Engineering Division, Texas A{\&}M University},
    year         = 2005,
    url          = {https://ceprofs.civil.tamu.edu/ssocolofsky/cven489/Book/Book.htm},
}

@article{Miyaoka17,
    title = {A General Boundary Condition with Linear Flux for Advection-Diffusion Models},
    journal = {TEMA (S\~ao Carlos)},
    author={Miyaoka, T.Y. and Meyer, J.F.C.A. and Souza, J.M.R.},
    ISSN = {2179-8451},
    language = {en},
    URL = {http://www.scielo.br/scielo.php?script=sci_arttext&pid=S2179-84512017000200253&nrm=iso},
    volume = 18,
    year = 2017,
    month = 8,
    pages = {253-272},
    publisher = {SciELO},
}

@book{Sauer11,
    author = {Sauer, Timothy},
    title = {Numerical Analysis},
    year = {2011},
    edition = {2nd},
    publisher = {Addison-Wesley Publishing Company},
    address = {USA},
}

@book{Butcher03,
    author = {Butcher, John C.},
    title = {Numerical Methods for Ordinary Differential Equations},
    year = {2003},
    edition = {2nd},
    publisher = {John Wiley \& Sons},
    address = {New York},
}

@inproceedings{Crank47,
    author = {Crank, John and Nicolson, Phyllis},
    title = {A practical method for numerical evaluation of solutions of partial differential equations of the heat conduction type},
    booktitle = {Proceedings of the Cambridge Philosophical Society},
    volume = {43},
    year = {1947},
    pages = {50-64},
}

@article{Thomas95,
    title = {Numerical Partial Differential Equations: Finite Difference Methods},
    journal = {Texts in Applied Mathematics},
    author={Thomas, J. W.},
    volume = 22,
    year = 1995,
    publisher = {Springer-Verlag},
    address = {Berlin, New York},
}

@techreport{Welch06,
    author       = {Welch, G. and Bishop, G.}, 
    title        = {An Introduction to the Kalman Filter},
    institution  = {Department of Computer Science
    University of North Carolina at Chapel Hill},
    year         = 2006,
    number       = {TR 95-041},
    address      = {Chapel Hill, NC 27599-3175},
    url          = {https://www.cs.unc.edu/~welch/media/pdf/kalman_intro.pdf}
}

%%%%%%%%%%%%%%%%%%%%%%%%%%%%%%%%%%%%%%%%%%%%%%%%%%%%%%%%%%%%
%%%%% Templates %%%%%%%%%%%%%%%%%%%%%%%%%%%%%%%%%%%%%%%%%%%%
%%%%%%%%%%%%%%%%%%%%%%%%%%%%%%%%%%%%%%%%%%%%%%%%%%%%%%%%%%%%

@article{article,
    author  = {Peter Adams}, 
    title   = {The title of the work},
    journal = {The name of the journal},
    year    = 1993,
    number  = 2,
    pages   = {201-213},
    month   = 7,
    note    = {An optional note}, 
    volume  = 4
}

@book{book,
    author    = {Peter Babington}, 
    title     = {The title of the work},
    publisher = {The name of the publisher},
    year      = 1993,
    volume    = 4,
    series    = 10,
    address   = {The address},
    edition   = 3,
    month     = 7,
    note      = {An optional note},
    isbn      = {3257227892}
}

@booklet{booklet,
    title        = {The title of the work},
    author       = {Peter Caxton}, 
    howpublished = {How it was published},
    address      = {The address of the publisher},
    month        = 7,
    year         = 1993,
    note         = {An optional note}
}

@conference{conference,
    author       = {Peter Draper}, 
    title        = {The title of the work},
    booktitle    = {The title of the book},
    year         = 1993,
    editor       = {The editor},
    volume       = 4,
    series       = 5,
    pages        = 213,
    address      = {The address of the publisher},
    month        = 7,
    organization = {The organization},
    publisher    = {The publisher},
    note         = {An optional note}  
}

@inbook{inbook,
    author       = {Peter Eston}, 
    title        = {The title of the work},
    chapter      = 8,
    pages        = {201-213},
    publisher    = {The name of the publisher},
    year         = 1993,
    volume       = 4,
    series       = 5,
    address      = {The address of the publisher},
    edition      = 3,
    month        = 7,
    note         = {An optional note}
}

@incollection{incollection,
    author       = {Peter Farindon}, 
    title        = {The title of the work},
    booktitle    = {The title of the book},
    publisher    = {The name of the publisher},
    year         = 1993,
    editor       = {The editor},
    volume       = 4,
    series       = 5,
    chapter      = 8,
    pages        = {201-213},
    address      = {The address of the publisher},
    edition      = 3,
    month        = 7,
    note         = {An optional note}
}

@manual{manual,
    title        = {The title of the work},
    author       = {Peter Gainsford}, 
    organization = {The organization},
    address      = {The address of the publisher},
    edition      = 3,
    month        = 7,
    year         = 1993,
    note         = {An optional note}
}

@mastersthesis{mastersthesis,
    author       = {Peter Harwood}, 
    title        = {The title of the work},
    school       = {The school of the thesis},
    year         = 1993,
    address      = {The address of the publisher},
    month        = 7,
    note         = {An optional note}
}

@misc{misc,
    author       = {Peter Isley}, 
    title        = {The title of the work},
    howpublished = {How it was published},
    month        = 7,
    year         = 1993,
    note         = {An optional note}
}

@phdthesis{phdthesis,
    author       = {Peter Joslin}, 
    title        = {The title of the work},
    school       = {The school of the thesis},
    year         = 1993,
    address      = {The address of the publisher},
    month        = 7,
    note         = {An optional note}
}

@proceedings{proceedings,
    title        = {The title of the work},
    year         = 1993,
    editor       = {Peter Kidwelly},
    volume       = 4,
    series       = 5,
    address      = {The address of the publisher},
    month        = 7,
    organization = {The organization},
    publisher    = {The name of the publisher},
    note         = {An optional note}
}

@techreport{techreport,
    author       = {Peter Lambert}, 
    title        = {The title of the work},
    institution  = {The institution that published},
    year         = 1993,
    number       = 2,
    address      = {The address of the publisher},
    month        = 7,
    note         = {An optional note}
}

@unpublished{unpublished,
    author       = {Peter Marcheford}, 
    title        = {The title of the work},
    note         = {An optional note},
    month        = 7,
    year         = 1993
}

